%%%%%%%%%%%%%%%%%%%%%%%%%%%%%%%%%%%%%%%%%%%%%%%%%%%%%%%%%%%%%%%%%%%%%%%%%%%%%%%%
% read



@book{levy2009computer,
  author = 	 {David N. L. Levy},
  title = 	 {Computer Gamesmanship: Elements of Intelligent Game Design},
  publisher = 	 {Ishi Press International},
  year = 	 2009
}

@article{liang2013game,
  title={Game theory for network security},
  author={Liang, Xiannuan and Xiao, Yang},
  journal={Communications Surveys \& Tutorials, IEEE},
  volume={15},
  number={1},
  pages={472--486},
  year={2013},
  publisher={IEEE}
}

@article{sallhammar2007using,
  title={Using game theory in stochastic models for quantifying security},
  author={Sallhammar, Karin and Knapskog, Svein J},
  journal={Stochastic Models for Combined Security and Dependability Evaluation},
  pages={31},
  year={2007},
  publisher={Citeseer}
}

@incollection{bensoussan2010game,
  title={A game-theoretical approach for finding optimal strategies in a botnet defense model},
  author={Bensoussan, Alain and Kantarcioglu, Murat and Hoe, SingRu Celine},
  booktitle={Decision and Game Theory for Security},
  pages={135--148},
  year={2010},
  publisher={Springer}
}

@article{sallhammar2007framework,
  title={A framework for predicting security and dependability measures in real-time},
  author={Sallhammar, Karin and Helvik, Bjarne E and Knapskog, Svein J},
  journal={International Journal of Computer Science and Network Security},
  volume={7},
  number={3},
  pages={169--183},
  year={2007},
  publisher={Citeseer}
}

@article{lye2005game,
  title={Game strategies in network security},
  author={Lye, Kong-wei and Wing, Jeannette M},
  journal={International Journal of Information Security},
  volume={4},
  number={1},
  pages={71--86},
  year={2005},
  publisher={Springer}
}

@inproceedings{roy2010survey,
  title={A survey of game theory as applied to network security},
  author={Roy, Sankardas and Ellis, Charles and Shiva, Sajjan and Dasgupta, Dipankar and Shandilya, Vivek and Wu, Qishi},
  booktitle={System Sciences (HICSS), 2010 43rd Hawaii International Conference on},
  pages={1--10},
  year={2010},
  organization={IEEE}
}

@inproceedings{alpcan2006intrusion,
  title={An intrusion detection game with limited observations},
  author={Alpcan, Tansu and Ba{\c{s}}ar, Tamer},
  booktitle={12th Int. Symp. on Dynamic Games and Applications, Sophia Antipolis, France},
  year={2006}
}

@inproceedings{nguyen2009security,
  title={Security games with incomplete information},
  author={Nguyen, Kien C and Alpcan, Tansu and Ba{\c{s}}ar, Tamer},
  booktitle={Communications, 2009. ICC'09. IEEE International Conference on},
  pages={1--6},
  year={2009},
  organization={IEEE}
}

@inproceedings{alpcan2004game,
  title={A game theoretic analysis of intrusion detection in access control systems},
  author={Alpcan, Tansu and Ba{\c{s}}ar, Tamer},
  booktitle={Decision and Control, 2004. CDC. 43rd IEEE Conference on},
  volume={2},
  pages={1568--1573},
  year={2004},
  organization={IEEE}
}

@incollection{bier2006game,
  title={Game-theoretic and reliability methods in counterterrorism and security},
  author={Bier, Vicki},
  booktitle={Statistical Methods in Counterterrorism},
  pages={23--40},
  year={2006},
  publisher={Springer}
}

@article{luo2010game,
  title={Game theory based network security},
  author={Luo, Yi and Szidarovszky, Ferenc and Al-Nashif, Youssif and Hariri, Salim},
  journal={Journal of Information Security},
  volume={1},
  number={01},
  pages={41},
  year={2010},
  publisher={Scientific Research Publishing}
}

@incollection{fielder2014game,
  title={Game theory meets information security management},
  author={Fielder, Andrew and Panaousis, Emmanouil and Malacaria, Pasquale and Hankin, Chris and Smeraldi, Fabrizio},
  booktitle={ICT Systems Security and Privacy Protection},
  pages={15--29},
  year=2014,
  publisher={Springer}
}



%%%%%%%%%%%%%%%%%%%%%%%%%%%%%%%%%%%%%%%%%%%%%%%%%%%%%%%%%%%%%%%%%%%%%%%%%%%%%%%%
% unread

% behind paywall
@inproceedings{you2003kind,
  title={A kind of network security behavior model based on game theory},
  author={You, Xia Zheng and Shiyong, Zhang},
  booktitle={Parallel and Distributed Computing, Applications and Technologies, 2003. PDCAT'2003. Proceedings of the Fourth International Conference on},
  pages={950--954},
  year={2003},
  organization={IEEE}
}

% 1
@inproceedings{grossklags2009uncertainty,
  title={Uncertainty in the weakest-link security game},
  author={Grossklags, Jens and Johnson, Benjamin},
  booktitle={Game Theory for Networks, 2009. GameNets' 09. International Conference on},
  pages={673--682},
  year={2009},
  organization={IEEE}
} % should probably also look at other grossklags work (2003, 2008, 2012)

% 5
@article{backhaus2013cyber,
  title={Cyber-physical security: A game theory model of humans interacting over control systems},
  author={Backhaus, Scott and Bent, Russell and Bono, James and Lee, Razak and Tracey, Brian and Wolpert, David and Xie, Dongping and Yildiz, Yasin},
  journal={Smart Grid, IEEE Transactions on},
  volume={4},
  number={4},
  pages={2320--2327},
  year={2013},
  publisher={IEEE}
}

@article{dunlavy2009mathematical,
  title={Mathematical challenges in cybersecurity},
  author={Dunlavy, Daniel M and Hendrickson, Bruce and Kolda, Tamara G},
  journal={Sandia Report SAND},
  volume={805},
  year={2009}
}

@inproceedings{shiva2010stochastic,
  title={A stochastic game model with imperfect information in cyber security},
  author={Shiva, Sajjan and Roy, Sankardas and Bedi, Harkeerat and Dasgupta, Dipankar and Wu, Qishi},
  booktitle={The 5th International Conference on i-Warfare and Security},
  pages={308--318},
  year={2010}
}

@article{carroll2011game,
  title={A game theoretic investigation of deception in network security},
  author={Carroll, Thomas E and Grosu, Daniel},
  journal={Security and Communication Networks},
  volume={4},
  number={10},
  pages={1162--1172},
  year={2011},
  publisher={Wiley Online Library}
}

% 10
@inproceedings{kiekintveld2009computing,
  title={Computing optimal randomized resource allocations for massive security games},
  author={Kiekintveld, Christopher and Jain, Manish and Tsai, Jason and Pita, James and Ord{\'o}{\~n}ez, Fernando and Tambe, Milind},
  booktitle={Proceedings of The 8th International Conference on Autonomous Agents and Multiagent Systems-Volume 1},
  pages={689--696},
  year={2009},
  organization={International Foundation for Autonomous Agents and Multiagent Systems}
}

@article{manshaei2013game,
  title={Game theory meets network security and privacy},
  author={Manshaei, Mohammad Hossein and Zhu, Quanyan and Alpcan, Tansu and Bac{\c{s}}ar, Tamer and Hubaux, Jean-Pierre},
  journal={ACM Computing Surveys (CSUR)},
  volume={45},
  number={3},
  pages={25},
  year={2013},
  publisher={ACM}
}

@inproceedings{kiekintveld2011approximation,
  title={Approximation methods for infinite Bayesian Stackelberg games: Modeling distributional payoff uncertainty},
  author={Kiekintveld, Christopher and Marecki, Janusz and Tambe, Milind},
  booktitle={The 10th International Conference on Autonomous Agents and Multiagent Systems-Volume 3},
  pages={1005--1012},
  year={2011},
  organization={International Foundation for Autonomous Agents and Multiagent Systems}
}

@inproceedings{sallhammar2005incorporating,
  title={Incorporating Attacker Behavior in Stochastic Models of Security.},
  author={Sallhammar, Karin and Helvik, Bjarne E and Knapskog, Svein J},
  booktitle={Security and Management},
  pages={79--85},
  year={2005}
}

% 15
@article{van2013flipit,
  title={FlipIt: The game of “stealthy takeover”},
  author={Van Dijk, Marten and Juels, Ari and Oprea, Alina and Rivest, Ronald L},
  journal={Journal of Cryptology},
  volume={26},
  number={4},
  pages={655--713},
  year={2013},
  publisher={Springer}
}

@article{shen2011survey,
  title={A survey of game theory in wireless sensor networks security},
  author={Shen, Shigen and Yue, Guangxue and Cao, Qiying and Yu, Fei},
  journal={Journal of Networks},
  volume={6},
  number={3},
  pages={521--532},
  year={2011}
}

@article{letchford2011computing,
  title={Computing Randomized Security Strategies in Networked Domains.},
  author={Letchford, Joshua and Vorobeychik, Yevgeniy},
  journal={Applied Adversarial Reasoning and Risk Modeling},
  volume={11},
  pages={06},
  year={2011}
}

@inproceedings{wu2010modeling,
  title={On modeling and simulation of game theory-based defense mechanisms against dos and ddos attacks},
  author={Wu, Qishi and Shiva, Sajjan and Roy, Sankardas and Ellis, Charles and Datla, Vivek},
  booktitle={Proceedings of the 2010 spring simulation multiconference},
  pages={159},
  year={2010},
  organization={Society for Computer Simulation International}
}

@article{chan2012interdependent,
  title={Interdependent defense games: Modeling interdependent security under deliberate attacks},
  author={Chan, Hau and Ceyko, Michael and Ortiz, Luis E},
  journal={arXiv preprint arXiv:1210.4838},
  year={2012}
}

% 20
@incollection{bowers2012defending,
  title={Defending against the unknown enemy: Applying FlipIt to system security},
  author={Bowers, Kevin D and Van Dijk, Marten and Griffin, Robert and Juels, Ari and Oprea, Alina and Rivest, Ronald L and Triandopoulos, Nikos},
  booktitle={Decision and Game Theory for Security},
  pages={248--263},
  year={2012},
  publisher={Springer}
}

@incollection{gueye2012towards,
  title={Towards a Metric for Communication Network Vulnerability to Attacks: A Game Theoretic Approach},
  author={Gueye, Assane and Marbukh, Vladimir and Walrand, Jean C},
  booktitle={Game Theory for Networks},
  pages={259--274},
  year={2012},
  publisher={Springer}
}

@article{sahinoglu2012game,
  title={Game-theoretic computing in risk analysis},
  author={Sahinoglu, Mehmet and Cueva-Parra, Luis and Ang, David},
  journal={Wiley Interdisciplinary Reviews: Computational Statistics},
  volume={4},
  number={3},
  pages={227--248},
  year={2012},
  publisher={Wiley Online Library}
}

@incollection{shiva2012holistic,
  title={A holistic game inspired defense architecture},
  author={Shiva, Sajjan and Bedi, Harkeerat Singh and Simmons, Chris B and Fisher II, Marc and Dharam, Ramya},
  booktitle={Recent Progress in Data Engineering and Internet Technology},
  pages={471--476},
  year={2012},
  publisher={Springer}
}

@inproceedings{he2012game,
  title={Game-theoretic analysis of attack and defense in cyber-physical network infrastructures},
  author={He, Fei and Zhuang, Jun and Rao, Nageswara SV},
  booktitle={Proceedings of the Industrial and Systems Engineering Research Conference},
  year={2012}
}

% 25
@inproceedings{schlicher2012information,
  title={Information Security Analysis Using Game Theory and Simulation},
  author={Schlicher, Bob G and Abercrombie, Robert K},
  booktitle={WORLDCOMP'12-The 2012 World Congress in Computer Science, Computer Engineering, and Applied Computing; SAM'12-2012 International Conference on Security and Management},
  pages={540--546},
  year={2012}
}

@inproceedings{beard2012using,
  title={Using monte carlo tree search for replanning in a multistage simultaneous game},
  author={Beard, Daniel and Hingston, Philip and Masek, Martin},
  booktitle={Evolutionary Computation (CEC), 2012 IEEE Congress on},
  pages={1--8},
  year={2012},
  organization={IEEE}
}

@incollection{simmons2013adapt,
  title={ADAPT: A Game Inspired Attack-Defense and Performance Metric Taxonomy},
  author={Simmons, Chris B and Shiva, Sajjan G and Bedi, Harkeerat Singh and Shandilya, Vivek},
  booktitle={Security and Privacy Protection in Information Processing Systems},
  pages={344--365},
  year={2013},
  publisher={Springer}
}

@article{leslie2015threshold,
  title={Threshold FlipThem: When the winner does not need to take all},
  author={Leslie, David and Sherfield, Chris L and Smart, Nigel P},
  year={2015},
  publisher={Springer}
}

@article{abbasvand2013survey,
  title={A Survey over Application of Game theory in communication networks},
  author={Abbasvand, Sara and Jamali, Shahram},
  journal={Global Journal on Technology},
  volume={1},
  year={2013}
}

@article{jones2013asymmetric,
  title={Asymmetric information games and cyber security},
  author={Jones, Malachi G},
  year={2013},
  publisher={Georgia Institute of Technology}
}

@inproceedings{patcha2004game,
  title={A game theoretic approach to modeling intrusion detection in mobile ad hoc networks},
  author={Patcha, Animesh and Park, Jung-Min},
  booktitle={Information Assurance Workshop, 2004. Proceedings from the Fifth Annual IEEE SMC},
  pages={280--284},
  year={2004},
  organization={IEEE}
}

@article{shamma2005dynamic,
  title={Dynamic fictitious play, dynamic gradient play, and distributed convergence to Nash equilibria},
  author={Shamma, Jeff S and Arslan, G{\"u}rdal},
  journal={Automatic Control, IEEE Transactions on},
  volume={50},
  number={3},
  pages={312--327},
  year={2005},
  publisher={IEEE}
}

@inproceedings{liu2006bayesian,
  title={A Bayesian game approach for intrusion detection in wireless ad hoc networks},
  author={Liu, Yu and Comaniciu, Cristina and Man, Hong},
  booktitle={Proceeding from the 2006 workshop on Game theory for communications and networks},
  pages={4},
  year={2006},
  organization={ACM}
}

@inproceedings{xiaolin2008markov,
  title={A markov game theory-based risk assessment model for network information system},
  author={Xiaolin, Cui and Xiaobin, Tan and Yong, Zhang and Hongsheng, Xi},
  booktitle={Computer Science and Software Engineering, 2008 International Conference on},
  volume={3},
  pages={1057--1061},
  year={2008},
  organization={IEEE}
}

@article{sallhammar2006stochastic,
  title={On stochastic modeling for integrated security and dependability evaluation},
  author={Sallhammar, Karin and Helvik, Bjarne E and Knapskog, Svein J},
  journal={Journal of Networks},
  volume={1},
  number={5},
  pages={31--42},
  year={2006}
}

@inproceedings{sallhammar2006towards,
  title={Towards a stochastic model for integrated security and dependability evaluation},
  author={Sallhammar, Karin and Helvik, Bjarne E and Knapskog, Svein J},
  booktitle={Availability, Reliability and Security, 2006. ARES 2006. The First International Conference on},
  pages={8--pp},
  year={2006},
  organization={IEEE}
}

@inproceedings{nguyen2009stochastic,
  title={Stochastic games for security in networks with interdependent nodes},
  author={Nguyen, Kien C and Alpcan, Tansu and Ba{\c{s}}ar, Tamer},
  booktitle={Game Theory for Networks, 2009. GameNets' 09. International Conference on},
  pages={697--703},
  year={2009},
  organization={IEEE}
}

@inproceedings{bommannavar2011security,
  title={Security risk management via dynamic games with learning},
  author={Bommannavar, Praveen and Alpcan, Tansu and Bambos, Nick},
  booktitle={Communications (ICC), 2011 IEEE International Conference on},
  pages={1--6},
  year={2011},
  organization={IEEE}
}
%%%%%%%%%%%%%%%%%%%%%%%%%%%%%%%%%%%%%%%%%%%%%%%%%%%%%%%%%%%%%%%%%%%%%%%%%%%%%%%%
% don't have yet

% hard to get
@book{tambe2011security,
  title={Security and game theory: algorithms, deployed systems, lessons learned},
  author={Tambe, Milind},
  year={2011},
  publisher={Cambridge University Press}
}

% behind paywall
@inproceedings{wang2008stochastic,
  title={Stochastic game theoretic method of quantification for network situational awareness},
  author={Wang, Huiqiang and Liang, Ying and Liu, Xiaowu},
  booktitle={Internet Computing in Science and Engineering, 2008. ICICSE'08. International Conference on},
  pages={312--316},
  year={2008},
  organization={IEEE}
}

% don't have
@incollection{farhang2014dynamic,
  title={A Dynamic Bayesian Security Game Framework for Strategic Defense Mechanism Design},
  author={Farhang, Sadegh and Manshaei, Mohammad Hossein and Esfahani, Milad Nasr and Zhu, Quanyan},
  booktitle={Decision and Game Theory for Security},
  pages={319--328},
  year={2014},
  publisher={Springer}
}

% Need access to get from ieee explore
@article{zonouz2014rre,
  title={RRE: A game-theoretic intrusion response and recovery engine},
  author={Zonouz, Saman and Khurana, Himanshu and Sanders, William H and Yardley, Timothy M and others},
  journal={Parallel and Distributed Systems, IEEE Transactions on},
  volume={25},
  number={2},
  pages={395--406},
  year={2014},
  publisher={IEEE}
}

% behind paywall
@article{sagduyu2011jamming,
  title={Jamming games in wireless networks with incomplete information},
  author={Sagduyu, Yalin Evren and Berry, Randall and Ephremides, Anthony and others},
  journal={Communications Magazine, IEEE},
  volume={49},
  number={8},
  pages={112--118},
  year={2011},
  publisher={IEEE}
}

% don't have
@book{alpcan2010network,
  title={Network security: A decision and game-theoretic approach},
  author={Alpcan, Tansu and Ba{\c{s}}ar, Tamer},
  year={2010},
  publisher={Cambridge University Press}
}

@article{chen2009game,
  title={A game theoretical framework on intrusion detection in heterogeneous networks},
  author={Chen, Lin and Leneutre, Jean},
  journal={Information Forensics and Security, IEEE Transactions on},
  volume={4},
  number={2},
  pages={165--178},
  year={2009},
  publisher={IEEE}
}

@article{hu2003nash,
  title={Nash Q-learning for general-sum stochastic games},
  author={Hu, Junling and Wellman, Michael P},
  journal={The Journal of Machine Learning Research},
  volume={4},
  pages={1039--1069},
  year={2003},
  publisher={JMLR. org}
}

@book{filar2012competitive,
  title={Competitive Markov decision processes},
  author={Filar, Jerzy and Vrieze, Koos},
  year={2012},
  publisher={Springer Science \& Business Media}
}
